<?xml version="1.0" encoding="UTF-8"?>
<collection xmlns:xsi="http://www.w3.org/2001/XMLSchema-instance" xsi:schemaLocation="http://www.loc.gov/MARC21/slim http://www.loc.gov/standards/marcxml/schema/MARC21slim.xsd" xmlns="http://www.loc.gov/MARC21/slim">
<record>
  <leader>00817cam a2200229 a 4500</leader>
  <controlfield tag="001">3066517</controlfield>
  <controlfield tag="003">NNC</controlfield>
  <controlfield tag="005">20130426015102.0</controlfield>
  <controlfield tag="008">911028s1954    ua ab    b    000 0 ara d</controlfield>
  <datafield tag="035" ind1=" " ind2=" ">
    <subfield code="a">(OCoLC)ocm24633703</subfield>
  </datafield>
  <datafield tag="035" ind1=" " ind2=" ">
    <subfield code="9">ATN8832CU</subfield>
  </datafield>
  <datafield tag="035" ind1=" " ind2=" ">
    <subfield code="a">(NNC)3066517</subfield>
  </datafield>
  <datafield tag="040" ind1=" " ind2=" ">
    <subfield code="a">Recon MBB</subfield>
    <subfield code="c">MBB</subfield>
    <subfield code="d">ZCU</subfield>
  </datafield>
  <datafield tag="099" ind1=" " ind2=" ">
    <subfield code="a">892.8N65</subfield>
    <subfield code="a">BH</subfield>
  </datafield>
  <datafield tag="100" ind1="1" ind2=" ">
    <subfield code="a">Ḥasanayn, ʻAbd al-Naʻīm Muḥammad.</subfield>
  </datafield>
  <datafield tag="245" ind1="1" ind2="0">
    <subfield code="a">Niẓāmī al-Ganjawī :</subfield>
    <subfield code="b">shāʻir al-faḍīlah ; ʻaṣrahu wa-bīʾathu wa-shaʻrhu /</subfield>
    <subfield code="c">taʾlīf ʻAbd al-Naʻīm Muḥammad H̄asanayn.</subfield>
  </datafield>
  <datafield tag="250" ind1=" " ind2=" ">
    <subfield code="a">al-Ṭabʻah 1.</subfield>
  </datafield>
  <datafield tag="260" ind1=" " ind2=" ">
    <subfield code="a">Miṣr :</subfield>
    <subfield code="b">Maktabat al-Khānjī,</subfield>
    <subfield code="c">1954.</subfield>
  </datafield>
  <datafield tag="300" ind1=" " ind2=" ">
    <subfield code="a">527 p. :</subfield>
    <subfield code="b">ill., map ;</subfield>
    <subfield code="c">24 cm.</subfield>
  </datafield>
  <datafield tag="504" ind1=" " ind2=" ">
    <subfield code="a">Includes bibliographical references (p. 483-498)</subfield>
  </datafield>
  <datafield tag="600" ind1="0" ind2="0">
    <subfield code="a">Niẓāmī Ganjavī,</subfield>
    <subfield code="d">1140 or 1141-1202 or 1203.</subfield>
  </datafield>
  <datafield tag="955" ind1=" " ind2=" ">
    <subfield code="b">CU58854118</subfield>
    <subfield code="d">off,glx</subfield>
    <subfield code="e">892.8N65 BH</subfield>
  </datafield>
</record>
</collection>